@INPROCEEDINGS{vae-synthesis,
  author={Oliveira, Dario A. B. and Diaz, Jorge G. and Zadrozny, Bianca and Watson, Campbell D. and Zhu, Xiao Xiang},
  booktitle={IGARSS 2022 - 2022 IEEE International Geoscience and Remote Sensing Symposium}, 
  title={Controlling Weather Field Synthesis Using Variational Autoencoders}, 
  year={2022},
  volume={},
  number={},
  pages={5027-5030},
  keywords={Climate change;Weather forecasting;Geoscience and remote sensing;Generators;Data models;Meteorology;Variational Autoencoders;Weather Generators;Extreme Climate Events;Weather Data Synthesis},
  doi={10.1109/IGARSS46834.2022.9884668}}

@article{Chandel_2024,
doi = {10.1088/1748-9326/ad6d82},
url = {https://dx.doi.org/10.1088/1748-9326/ad6d82},
year = {2024},
month = {aug},
publisher = {IOP Publishing},
volume = {19},
number = {9},
pages = {094052},
author = {Chandel, Vikram Singh and Bhatia, Udit and Ganguly, Auroop R and Ghosh, Subimal},
title = {State-of-the-art bias correction of climate models misrepresent climate science and misinform adaptation},
journal = {Environmental Research Letters},
}

@misc{tnt,
    author = {Lucy Whitelock-Bell and Sarah Innes and Charlotte Reed and David Leong},
    year = 2022,
    title = {Modelling the impacts of climate change on Auckland's metropolitan water supply using ISMM technical report},
    publisher={Tonkin & Taylor}
}

@misc{GCM,
    author={Gibson, P. B. and Stuart, S. and Sood, A. and Stone, D. and Rampal, N. and Lewis, H. and Broadbent, A. and Thatcher, M. and Morgenstern, O.},
    title = {Dynamical downscaling CMIP6 models over New Zealand: added value of climatology and extremes. Climate Dynamics},
    year = 2024,
    doi={https://doi.org/10.1007/s00382-024-07337-5}
}

@misc{CCAM,
  author = {McGregor, J. L. and Dix, M. R.},
  title = {An Updated Description of the Conformal-Cubic Atmospheric Model},
  year = {2008}
}

@misc{user-guidance,
    author={Gibson, P. B. and Campbell, I. and Lewis, H. and Rampal, N. and Fedaeff, N. and Woolley, J-M.},
    title={User Guidance of CMIP6 Downscaled Data for Aotearoa New Zealand. NIWA Report prepared for MfE},
    year=2024,
    url={https://climatedata.environment.govt.nz/documents/CMIP6_guidance_doc_June2024.pdf}
}

@inproceedings{GRU,
    title = "On the Properties of Neural Machine Translation: Encoder{--}Decoder Approaches",
    author = {Cho, Kyunghyun  and
      van Merri{\"e}nboer, Bart  and
      Bahdanau, Dzmitry  and
      Bengio, Yoshua},
    editor = "Wu, Dekai  and
      Carpuat, Marine  and
      Carreras, Xavier  and
      Vecchi, Eva Maria",
    booktitle = "Proceedings of {SSST}-8, Eighth Workshop on Syntax, Semantics and Structure in Statistical Translation",
    month = oct,
    year = "2014",
    address = "Doha, Qatar",
    publisher = "Association for Computational Linguistics",
    url = "https://aclanthology.org/W14-4012/",
    doi = "10.3115/v1/W14-4012",
    pages = "103--111"
}

@misc{vae,
      title={Auto-Encoding Variational Bayes}, 
      author={Diederik P Kingma and Max Welling},
      year={2022},
      eprint={1312.6114},
      archivePrefix={arXiv},
      primaryClass={stat.ML},
      url={https://arxiv.org/abs/1312.6114}, 
}

@inproceedings{beta-vae,
  title={beta-VAE: Learning Basic Visual Concepts with a Constrained Variational Framework},
  author={Irina Higgins and Lo{\"i}c Matthey and Arka Pal and Christopher P. Burgess and Xavier Glorot and Matthew M. Botvinick and Shakir Mohamed and Alexander Lerchner},
  booktitle={International Conference on Learning Representations},
  year={2016},
  url={https://api.semanticscholar.org/CorpusID:46798026}
}